%  a sample bibliography file
%  

@Book{nks,
author = {Комарцова Л. Г., Максимов А. В.},
title = {Нейрокомпьютеры},
publisher = {М.: МГТУ им. Н. Э. Баумана},
year = 2002,
langid = {russian}
}

@book{Goodfellow-et-al-2016,
    title={Deep Learning},
    author={Ian Goodfellow and Yoshua Bengio and Aaron Courville},
    publisher={MIT Press},
    note={\url{http://www.deeplearningbook.org}},
    year={2016}
}

@Article{small,
author = {Freely, I.P.},
title = {A small paper},
journal = {The journal of small papers},
year = 1997,
volume = {-1},
note = {to appear},
}



%  The authors mentioned here are almost, but not quite,
%  entirely unrelated to Matt Groening.

